% Encoding: UTF-8
%% This BibTeX bibliography file was created using BibDesk.
%% http://bibdesk.sourceforge.net/


%% Created for Samuel Gauthier at 2017-03-12 16:25:24 +0100 


%% Saved with string encoding Unicode (UTF-8) 



@misc{subversion2016git,
	Date-Added = {2017-03-12 15:24:46 +0000},
	Date-Modified = {2017-03-12 15:25:24 +0000},
	Month = {08},
	Title = {Subversion vs. {Git}: {Myths} and {Facts}},
	Url = {https://svnvsgit.com/},
	Urldate = {2017-03-12},
	Year = {2016},
	Bdsk-Url-1 = {https://svnvsgit.com/}}

@misc{thomson2008relax,
	Abstract = {Everyone's up in arms to embrace distributed version control as the new must-have tool for the developer in the know. Though many people have not yet migrated from Subversion, those that have{\ldots}},
	Author = {Thomson, Patrick},
	Date-Added = {2017-03-12 15:20:05 +0000},
	Date-Modified = {2017-03-12 15:20:58 +0000},
	Journal = {Important Shock},
	Month = aug,
	Shorttitle = {Git vs. {Mercurial}},
	Title = {Git vs. {Mercurial}: {Please} {Relax}},
	Url = {https://importantshock.wordpress.com/2008/08/07/git-vs-mercurial/},
	Urldate = {2017-03-12},
	Year = {2008},
	Bdsk-Url-1 = {https://importantshock.wordpress.com/2008/08/07/git-vs-mercurial/}}

@misc{rhodecodeVCS,
	Abstract = {Discover most popular version control systems in 2016. Git vs Mercurial popularity, Subversion usage statistics, and VCS comparison by market share.},
	Date-Added = {2017-03-12 15:20:05 +0000},
	Date-Modified = {2017-03-12 15:22:35 +0000},
	Journal = {RhodeCode},
	Title = {Version {Control} {Systems} {Popularity} in 2016},
	Url = {https://rhodecode.com/insights/version-control-systems-2016},
	Urldate = {2017-03-12},
	Bdsk-Url-1 = {https://rhodecode.com/insights/version-control-systems-2016}}

@misc{levels2017,
	Date-Added = {2017-03-12 14:24:21 +0000},
	Date-Modified = {2017-03-12 14:24:58 +0000},
	Month = {01},
	Title = {Levels of {TeX} - {TeX} {Users} {Group}},
	Url = {http://tug.org/levels.html},
	Urldate = {2017-03-12},
	Year = {2017},
	Bdsk-Url-1 = {http://tug.org/levels.html}}

@misc{ibm2013open,
	Abstract = {Scribus is an open source, graphical desktop publishing (DTP) tool that focuses on layout, frames, styles, color management, and intercolumn document flow. Scribus is free software that runs on the Linux, Windows, and Mac OS X platforms, and provides most of the capabilities of traditional DTP tools at no cost.},
	Author = {von Hagen, William},
	Copyright = {{\copyright} Copyright IBM Corporation 2013},
	Date-Added = {2017-03-12 11:05:50 +0000},
	Date-Modified = {2017-03-12 11:30:45 +0000},
	Month = apr,
	Title = {Open source desktop publishing with {Scribus}},
	Url = {http://www.ibm.com/developerworks/library/os-scribus/index.html},
	Urldate = {2017-03-12},
	Year = {2013},
	Bdsk-Url-1 = {http://www.ibm.com/developerworks/library/os-scribus/index.html}}

@misc{rob2010ws,
	Abstract = {Exploring Stuff and Things},
	Author = {Oakes, Rob},
	Date-Added = {2017-03-12 11:05:50 +0000},
	Date-Modified = {2017-03-12 11:29:40 +0000},
	Month = {09},
	Shorttitle = {Rob {Oakes} -- {Oak}-{Tree} {Blog} » {Principles}, {Layout} and ``{Why} {Scribus}?},
	Title = {Rob {Oakes} -- {Oak}-{Tree} {Blog} » {Principles}, {Layout} and ``{Why} {Scribus}?''},
	Url = {http://blog.oak-tree.us/index.php/2010/09/24/why-scribus},
	Urldate = {2017-03-12},
	Year = {2010},
	Bdsk-Url-1 = {http://blog.oak-tree.us/index.php/2010/09/24/why-scribus}}

@misc{allington2016latex,
	Author = {Allington, Daniel},
	Date-Added = {2017-03-12 11:05:50 +0000},
	Date-Modified = {2017-03-12 11:29:20 +0000},
	Month = {09},
	Shorttitle = {The {LaTeX} fetish ({Or}},
	Title = {The {LaTeX} fetish ({Or}: {Don}'t write in {LaTeX}! {It}'s just for typesetting) -- {Daniel} {Allington}},
	Url = {http://www.danielallington.net/2016/09/the-latex-fetish/},
	Urldate = {2017-03-12},
	Year = {2016},
	Bdsk-Url-1 = {http://www.danielallington.net/2016/09/the-latex-fetish/}}

@misc{zipdocextension,
	Author = {mpm},
	Date-Added = {2017-03-12 10:51:38 +0000},
	Date-Modified = {2017-03-12 11:28:49 +0000},
	File = {ZipdocExtension - Mercurial:/Users/gas/Documents/zotero/storage/NDKZHN4U/ZipdocExtension.html:text/html},
	Month = {11},
	Title = {{ZipdocExtension} - {Mercurial}},
	Url = {https://www.mercurial-scm.org/wiki/ZipdocExtension},
	Urldate = {2017-03-12},
	Year = {2012},
	Bdsk-Url-1 = {https://www.mercurial-scm.org/wiki/ZipdocExtension}}
	
@book{pohl2011requirements,
	Abstract = {In practice, requirements engineering tasks become more and more complex. In order to ensure a high level of knowledge and training, the International Requirements Engineering Board (IREB) worked out the training concept ``Certified Professional for Requirements Engineering'', which defines a requirements engineer's practical skills on different training levels. The book covers the different subjects of the curriculum for the ``Certified Professional for Requirements Engineering'' (CPRE) defined by the International Requirements Engineering Board (IREB). It supports its readers in preparing for the test to achieve the ``Foundation Level'' of the CPRE.},
	Address = {Santa Barbara, CA : Sebastopol, CA},
	Author = {Pohl, Klaus and Rupp, Chris},
	Date-Added = {2017-02-26 21:02:04 +0000},
	Date-Modified = {2017-03-12 11:19:36 +0000},
	Edition = {1 edition},
	Isbn = {978-1-933952-81-9},
	Language = {English},
	Month = apr,
	Publisher = {Rocky Nook},
	Shorttitle = {Requirements {Engineering} {Fundamentals}},
	Title = {Requirements {Engineering} {Fundamentals}: {A} {Study} {Guide} for the {Certified} {Professional} for {Requirements} {Engineering} {Exam} - {Foundation} {Level} - {IREB} compliant},
	Year = {2011}}

@Misc{kalarm_handbook,
  author    = {David Jarvie},
  title     = {The KAlarm Handbook},
  year      = {2016},
  keywords  = {KDE, kAlarm, handbook},
  timestamp = {2016-12-06},
  url       = {https://docs.kde.org/trunk5/en/pim/kalarm/index.html},
}

@Comment{jabref-meta: databaseType:bibtex;}
